@inproceedings{MacGlashan2015GroundingEC,
  title={Grounding English Commands to Reward Functions},
  author={James MacGlashan and Monica Babes-Vroman and Marie desJardins and Michael L. Littman and Smaranda Muresan and Shawn Squire and Stefanie Tellex and Dilip Arumugam and Lei Yang},
  booktitle={RSS},
  year={2015}
}

@inproceedings{Diuk2008AnOR,
  title={An Object-Oriented Representation for Efficient Reinforcement Learning},
  author={Carlos Diuk and Andre Cohen and Michael L. Littman},
  booktitle={ICML},
  year={2008}
}

@inproceedings{Li2006TowardsAU,
  title={Towards a Unified Theory of State Abstraction for MDPs},
  author={Lihong Li and Thomas J. Walsh and Michael L. Littman},
  booktitle={ISAIM},
  year={2006}
}

@inproceedings{Hauskrecht1998HierarchicalSO,
  title={Hierarchical Solution of Markov Decision Processes using Macro-actions},
  author={Milos Hauskrecht and Nicolas Meuleau and Leslie Pack Kaelbling and Thomas L. Dean and Craig Boutilier},
  booktitle={UAI},
  year={1998}
}

@article{Sutton1999BetweenMA,
  title={Between MDPs and Semi-MDPs: A Framework for Temporal Abstraction in Reinforcement Learning},
  author={Richard S. Sutton and Doina Precup and Satinder P. Singh},
  journal={Artif. Intell.},
  year={1999},
  volume={112},
  pages={181-211}
}

@inproceedings{Jong2008TheUO,
  title={The Utility of Temporal Abstraction in Reinforcement Learning},
  author={Nicholas K. Jong and Todd Hester and Peter Stone},
  booktitle={ATAL},
  year={2008}
}

@article{Junghanns2001SokobanEG,
  title={Sokoban: Enhancing general single-agent search methods using domain knowledge},
  author={Andreas Junghanns and Jonathan Schaeffer},
  journal={Artif. Intell.},
  year={2001},
  volume={129},
  pages={219-251}
}
